<?xml version="1.0" encoding="UTF-8"?><collection xmlns="http://www.loc.gov/MARC21/slim"><record><leader>00385nam--2200157-i-4500</leader><controlfield tag="001">000041361</controlfield><controlfield tag="002">20161230</controlfield><controlfield tag="005">20170205232214</controlfield><controlfield tag="008">060222s1000------------r-----000-0-eng-d</controlfield><datafield ind1=" " ind2=" " tag="100"><subfield code="a">Shaw, E. N</subfield></datafield><datafield ind1=" " ind2=" " tag="245"><subfield code="a">Applied atomic energy</subfield></datafield><datafield ind1=" " ind2=" " tag="260"><subfield code="a">New York</subfield><subfield code="b">Philosophical Library</subfield><subfield code="c">1954</subfield></datafield><datafield ind1=" " ind2=" " tag="300"><subfield code="a">VIII + 156 p</subfield></datafield><datafield ind1=" " ind2=" " tag="700"><subfield code="a">Jones, E. W</subfield></datafield><datafield ind1=" " ind2=" " tag="852"><subfield code="a">10581</subfield></datafield><datafield ind1=" " ind2=" " tag="CAT"><subfield code="a">SYS</subfield><subfield code="c">20170205</subfield><subfield code="h">232214</subfield></datafield></record></collection>